@mastersthesis{hogberget2013quantum,
  title={Quantum monte-carlo studies of generalized many-body systems},
  author={H{\o}gberget, J{\o}rgen},
  year={2013}
}

@mastersthesis{kristiansen2017time,
  title={Time Evolution of Quantum Mechanical Many-Body Systems},
  author={Kristiansen, H{\aa}kon Emil},
  year={2017}}
