@article{dubois2001bose,
  title={Bose-Einstein condensation in trapped bosons: A variational Monte Carlo analysis},
  author={DuBois, JL and Glyde, HR},
  journal={Physical Review A},
  volume={63},
  number={2},
  pages={023602},
  year={2001},
  publisher={APS}
}
